@techreport{Bailey:CNGS,
      Author       = "Bailey, R and Baldy, J L and Ball, A E and Bonnal, P and
                      Buhler-Broglin, Manfred and D\'{e}traz, C and Elsener, Konrad
                      and Ereditato, A and Faugeras, Paul E and Ferrari, A and
                      Fortuna, G and Grant, A L and Guglielmi, A M and Hilaire, A
                      and Hubner, Kurt and Jonker, M and Kissler, Karl Heinz and
                      L\'{o}pez-Hernandez, L A and Maugain, J M and Migliozzi, P and
                      Palladino, Vittorio and Pietropaolo, F and Revol, Jean
                      Pierre Charles and Sala, P R and Sanelli, C and Stevenson,
                      Graham Roger and Vassilopoulos, N and Vincke, H H and
                      Weisse, E and Wilhemsson, M",
      Title        = {The CERN Neutrino beam to Gran Sasso (NGS).
                      oai:cds.cern.ch:390779},
      Institution  = "CERN",
      Address      = "Geneva",
      Number       = "CERN-SL-99-034-DI. INFN-AE-99-05",
      Month        = "Jun",
      Year         = "1999",
      Note         = "Addendum to report CERN 98-02, INFN-AE-98-05",
}

@techreport{ntof,
      title        = "n-TOF Technical Design Report on Experimental Area",
      institution  = "CERN",
      address      = "Geneva",
      number       = "CERN-INTC-2000-018",
      month        = "Nov",
      year         = "2000",
}

@techreport{Hangst:ALPHA,
      author       = "Hangst, Jeffrey S and Bowe, Paul",
      title        = "ALPHA Proposal",
      institution  = "CERN",
      address      = "Geneva",
      number       = "CERN-SPSC-2005-006. SPSC-P-325",
      month        = "Jan",
      year         = "2005",
}

@article{Gabrielse:ATRAP,
      author       = "Gabrielse, G and Kalra, R and Kolthammer, W S and
                      McConnell, R and Richerme, P and Grzonka, D and Oelert, W
                      and Sefzick, T and Zielinski, M and Fitzakerley, D W and
                      George, M C and Hessels, E A and Storry, C H and Weel, M and
                      Mullers, A and Walz, J",
      title        = "Trapped Antihydrogen in Its Ground State",
      journal      = "Phys. Rev. Lett.",
      number       = "arXiv:1201.2717",
      volume       = "108",
      pages        = "113002",
      month        = "Jan",
      year         = "2012",
}

@article{Hori:ASACUSA,
      author         = "Hori, M.",
      title          = "{The ASACUSA experiment at CERN's Anti-proton
                        Decelerator}",
      collaboration  = "ASACUSA Collaboration",
      journal        = "Nucl.Phys.",
      volume         = "A692",
      pages          = "119-128",
      doi            = "10.1016/S0375-9474(01)01169-1",
      year           = "2001",
      SLACcitation   = "%%CITATION = NUPHA,A692,119;%%",
}

@article{Maggiore:ACE,
      author       = "Maggiore, C J and Agazaryan, N and Bassler, N and
                      Blackmore, E and Beyer, G and De Marco, J J and Doser,
                      Michael and Gruhn, Charles R and Holzscheiter, M H and
                      Ichioka, T and Iwamoto, K S and Knudsen, H V and Landua,
                      Rolf and McBride, W H and Møller, S P and Petersen, J and
                      Smathers, J B and Skarsgard, L D and Solberg, T and
                      Uggerhøj, U and Withers, H R and Wouters, B G",
      title        = "Biological effectiveness of antiproton annihilation",
      journal      = "Nucl. Instrum. Methods Phys. Res., B",
      volume       = "214",
      pages        = "181-5",
      year         = "2004",
}

@article{Kadi:ISOLDE,
      author       = {Kadi, Y and Bernardes, A P and Blumenfeld, Y and Calatroni,
                      S and Catherall, R and Fraser, M A and Goddard, B and
                      Parchet, D and Siesling, E and Venturini Delsolaro, W and
                      Voulot, D and Williams, L R},
      title        = {Status and Future Perspectives of the HIE-Isolde Project at
                      CERN. oai:cds.cern.ch:1481516},
      journal      = "Conf. Proc.",
      number       = {CERN-ATS-2012-251},
      volume       = "C1205201",
      pages        = "PAGE. 4 p",
      month        = "May",
      year         = "2012",
}

@book{ATLASTDR,
      title        = "ATLAS detector and physics performance: Technical Design
                      Report, 1",
      publisher    = "CERN",
      address      = "Geneva",
      series       = "Technical Design Report ATLAS",
      year         = "1999",
      note         = "Electronic version not available",
}

@techreport{CMSDR,
      title        = "CMS : the Compact Muon Solenoid; 1993 ed.",
      institution  = "CERN",
      address      = "Geneva",
      number       = "CERN-LHCC-93-48",
      year         = "1993",
}

@book{LHCb,
      title        = "LHCb : Technical Proposal",
      publisher    = "CERN",
      address      = "Geneva",
      series       = "Tech. Proposal",
      year         = "1998",
}

@article{Lourenço:ALICE,
      author       = "Lourenco, C",
      title        = "Heavy Ion Collisions at the LHC: the ALICE Experiment.
                      oai:cds.cern.ch:315992",
      number       = "hep-ph/9612221. LIP-96-02",
      year         = "1996",
}

@misc{Holzer:TransDyn,
  Author = {Holzer, Bernhard},
  Institution = {CERN},
  Howpublished = {Introductory CERN Accelerator School},
  Year = {2010},
  Title = {Transverse Beam Dynamics}
}

@misc{Leduff:LongDyn,
  Author = {Le Duff, Joel},
  Institution = {CERN},
  Howpublished = {Introductory CERN Accelerator School},
  Year = {2010},
  Title = {Longitiudinal Beam Dynamics}
}

@article{Laslett:ResWallInstab,
      author         = "Laslett, L.J. and Neil, V.K. and Sessler, A.M.",
      title          = "{Transverse Resistive Instabilities of Intense Coasting Beams in Particle Accelerators}",
      journal        = "Rev.Sci.Instrum.",
      volume         = "36",
      pages          = "436-448",
      year           = "1965",
      reportNumber   = "UCRL-11090",
      SLACcitation   = "%%CITATION = RSINA,36,436;%%",
}

@article{Stupakov:wakeAndImp,
      author         = "Stupakov, Gennady V.",
      title          = "{Wake and impedance}",
      pages          = "205-230",
      year           = "2000",
      eprint         = "physics/0011011",
      archivePrefix  = "arXiv",
      primaryClass   = "physics",
      reportNumber   = "SLAC-PUB-8683",
      SLACcitation   = "%%CITATION = PHYSICS/0011011;%%",
}

@article{Stupakov:surfaceRough,
      author         = "Stupakov, G.V.",
      title          = "{Surface roughness impedance}",
      pages          = "141-152",
      year           = "2000",
      reportNumber   = "SLAC-PUB-8743",
      SLACcitation   = "%%CITATION = SLAC-PUB-8743 ETC.;%%",
}

@article{Stupakov:adInImpTheory,
      author         = "Stupakov, G.",
      title          = "{Advances in Impedance Theory}",
      year           = "2009",
      reportNumber   = "SLAC-PUB-13661",
      SLACcitation   = "%%CITATION = SLAC-PUB-13661 ETC.;%%",
}

@phdthesis{Mounet:PhDThesis,
      author       = "Mounet, Nicolas and Rivkin, Leonid and Métral, Elias",
      title        = "The LHC Transverse Coupled-Bunch Instability.
                      oai:cds.cern.ch:1451296",
      school       = "Lausanne, EPFL",
      month        = "Mar",
      year         = "2012",
      note         = "Presented 2012",
}

@article{Palumbo:Wakes,
      author         = "Palumbo, L. and Vaccaro, V.G. and Zobov, M.",
      title          = "{Wake fields and impedance}",
      year           = "1994",
      eprint         = "physics/0309023",
      archivePrefix  = "arXiv",
      primaryClass   = "physics",
      reportNumber   = "LNF-94-041-P, C93-09-20.6",
      SLACcitation   = "%%CITATION = PHYSICS/0309023;%%",
}

@book{Chao:PhysColEff,
      author       = "Chao, Alexander Wu",
      title        = "Physics of collective beam instabilities in high energy
                      accelerators",
      publisher    = "Wiley",
      address      = "New York, NY",
      year         = "1993",
}

@article{Roncarolo:ColImpMeas,
      author       = "Roncarolo, F and Caspers, Friedhelm and Kroyer, T and
                      Metral, E and Mounet, N and Salvant, B and Zotter, B",
      title        = "Comparison between laboratory measurements, simulations,
                      and analytical predictions of the transverse wall impedance
                      at low frequencies. oai:cds.cern.ch:1247961",
      journal      = "Phys. Rev. Lett.",
      number       = "CERN-BE-2010-005. 8",
      volume       = "12",
      pages        = "084401. 1 p",
      month        = "Aug",
      year         = "2009",
}

@techreport{Métral:ResWallWideFreq,
      author       = "Métral, E",
      title        = "Transverse resistive-wall impedance from very low to very
                      high frequencies",
      institution  = "CERN",
      address      = "Geneva",
      number       = "CERN-AB-2005-084",
      month        = "Aug",
      year         = "2005",
}

@techreport{Tsutsui:ferrKickLong,
      author       = "Tsutsui, H",
      title        = "Some Simplified Models of Ferrite Kicker Magnet for
                      Calculation of Longitudinal Coupling Impedance.
                      oai:cds.cern.ch:426384",
      institution  = "CERN",
      address      = "Geneva",
      number       = "CERN-SL-2000-004-AP",
      month        = "Jan",
      year         = "2000",
}

@techreport{Biancacci:MMFiniteInsert,
      author       = "Biancacci, N and Vaccaro, VG and Metral, E and Salvant, B
                      and Migliorati, M and Palumbo, L",
      title        = "The mode matching method applied to beam coupling impedance
                      calculations of finite length devices.
                      oai:cds.cern.ch:1470300",
      institution  = "CERN",
      address      = "Geneva",
      number       = "CERN-ATS-2012-187",
      month        = "May",
      year         = "2012",
}

@techreport{Mounet:Axisymmetric,
      author       = "Mounet, N and Métral, E",
      title        = "Electromagnetic fields created by a macroparticle in an
                      infinitely long and axisymmetric multilayer beam pipe.
                      oai:cds.cern.ch:1228293",
      institution  = "CERN",
      address      = "Geneva",
      number       = "CERN-BE-2009-039",
      month        = "Nov",
      year         = "2009",
}

@article{Mounet:Flat,
      author       = "Mounet, N and Métral, E",
      title        = "Electromagnetic fields and beam coupling impedances in a
                      multilayer flat chamber",
      institution  = "CERN",
      address      = "Geneva",
      number       = "CERN-ATS-Note-2010-056",
      month        = "Dec",
      year         = "2010",
}

@misc{Wolsky:TheoryEM,
  Author = {Wolski, Andy},
  Institution = {CERN},
  Howpublished = {RF for Accelerators, CERN Accelerator School},
  Year = {2010},
  Title = {Theory of Electromagnetic Fields}
}

@misc{Jensen:RFCav,
  Author = {Jensen, Erk},
  Institution = {CERN},
  Howpublished = {RF for Accelerators, CERN Accelerator School},
  Year = {2010},
  Title = {Cavity Basics}
}

@techreport{Burov:TransInstabSC,
      author       = "Burov, Alexey and Lebedev, Valeri",
      title        = "Transverse Instabilities of Coasting Beams with Space
                      Charge",
      number       = "arXiv:0812.3887. FERMILAB-PUB-08-479-AD",
      month        = "Dec",
      year         = "2008",
      note         = "Comments: 6 pages, 2 figures, accepted by Phys. Rev. ST -
                      Accel. Beams",
}

@article{Boine-Frankenheim:InstabSCRings,
      author       = "Boine-Frankenheim, Oliver and Hofmann, Ingo and Kornilov,
                      Vladimir",
      title        = "Instabilities and Space Charge Effects in High Intensity
                      Ring Accelerators",
      pages        = "5 p",
      year         = "2006",
}

@phdthesis{Pieloni:PhDThesis,
      author       = "Pieloni, Tatiana and Herr, Werner and Bay, Aurelio and
                      Rivkin, Leonid",
      title        = "A study of beam-beam effects in hadron colliders with a
                      large number of bunches. oai:cds.cern.ch:1259906",
      school       = "Ecole Polytechnique, Lausanne",
      address      = "Milan U.",
      year         = "2008",
      note         = "Presented on 4 Dec 2008",
}

@article{Li:ECloud,
      author       = "Li, K S B and Rumolo, G",
      title        = "Review of beam instabilities in the presence of electron
                      clouds in the LHC. oai:cds.cern.ch:1381509",
      number       = "CERN-ATS-2011-095",
      pages        = "3 p",
      month        = "Sep",
      year         = "2011",
}

@techreport{Schaumann:IBS,
      author       = "Schaumann, M and Jowett, JM and Bruce, R",
      title        = "Intra-beam Scattering and Luminosity Evolution for HL-LHC
                      Proton Beams",
      institution  = "CERN",
      address      = "Geneva",
      number       = "CERN-ATS-2012-290",
      month        = "Dec",
      year         = "2012",
}

@phdthesis{Mertens:IBSThesis,
      author       = "Mertens, Tom and Jowett, John and Sousa Da Costa, Miguel",
      title        = "Intrabeam scattering in the LHC. oai:cds.cern.ch:1364596",
      school       = "Porto U.",
      address      = "Porto",
      year         = "2011",
      note         = "Presented 17 Jun 2011",
}